@article{Brenner2002,
  title   = {Single-Bubble Sonoluminescence},
  author  = {Brenner, Michael P. and Hilgenfeldt, Sascha and Lohse, Detlef},
  year    = {2002},
  month   = may,
  journal = {Reviews of Modern Physics},
  volume  = {74},
  number  = {2},
  pages   = {425--484},
  doi     = {10.1103/RevModPhys.74.425}
}

@article{Chandran2019,
  title   = {A Modified Equation of State for Water for a Wide Range of Pressure and the Concept of Water Shock Tube},
  author  = {Chandran, J.R. and Salih, A.},
  year    = {2019},
  month   = mar,
  journal = {Fluid Phase Equilibria},
  volume  = {483},
  pages   = {182--188},
  issn    = {0378-3812},
  doi     = {10.1016/j.fluid.2018.11.032}
}

@book{Cole1948,
  title     = {Underwater Explosions},
  author    = {Cole, Robert H.},
  year      = {1948},
  publisher = {Princeton University Press},
  address   = {Princeton, New Jersey}
}

@article{Coulombel2024,
  title   = {Modeling Time-Delayed Acoustic Interactions of Cavitation Bubbles and Bubble Clusters},
  author  = {Coulombel, Pierre and Denner, Fabian},
  year    = {2024},
  month   = dec,
  journal = {Physics of Fluids},
  volume  = {36},
  number  = {12},
  pages   = {122109},
  issn    = {1070-6631, 1089-7666},
  doi     = {10.1063/5.0242481}
}

@article{Denner2021,
  title   = {The {{Gilmore-NASG}} Model to Predict Single-Bubble Cavitation in Compressible Liquids},
  author  = {Denner, Fabian},
  year    = {2021},
  month   = jan,
  journal = {Ultrasonics Sonochemistry},
  volume  = {70},
  pages   = {105307},
  issn    = {13504177},
  doi     = {10.1016/j.ultsonch.2020.105307}
}

@article{Denner2023,
  title   = {Modeling Acoustic Emissions and Shock Formation of Cavitation Bubbles},
  author  = {Denner, Fabian and Schenke, S{\"o}ren},
  year    = {2023},
  month   = jan,
  journal = {Physics of Fluids},
  volume  = {35},
  number  = {1},
  pages   = {012114},
  issn    = {1070-6631, 1089-7666},
  doi     = {10.1063/5.0131930}
}

@article{Denner2024a,
  title   = {The {{Kirkwood}}--{{Bethe}} Hypothesis for Bubble Dynamics, Cavitation, and Underwater Explosions},
  author  = {Denner, Fabian},
  year    = {2024},
  journal = {Physics of Fluids},
  volume  = {36},
  pages   = {051302},
  doi     = {10.1063/5.0209167}
}

@article{Dormand1980,
  title   = {A Family of Embedded {{Runge-Kutta}} Formulae},
  author  = {Dormand, J.R. and Prince, P.J.},
  year    = {1980},
  month   = mar,
  journal = {Journal of Computational and Applied Mathematics},
  volume  = {6},
  number  = {1},
  pages   = {19--26},
  issn    = {03770427},
  doi     = {10.1016/0771-050X(80)90013-3}
}

@article{Fay1931,
  title   = {Plane Sound Waves of Finite Amplitude},
  author  = {Fay, R. D.},
  year    = {1931},
  month   = oct,
  journal = {The Journal of the Acoustical Society of America},
  volume  = {3},
  number  = {2A},
  pages   = {222--241},
  issn    = {0001-4966},
  doi     = {10.1121/1.1915557}
}

@techreport{Gilmore1952,
  title       = {The Growth or Collapse of a Spherical Bubble in a Viscous Compressible Liquid},
  author      = {Gilmore, Forrest R.},
  year        = {1952},
  number      = {Report No. 26-4},
  address     = {Pasadena, California, USA},
  institution = {California Institute of Technology}
}

@article{Guemmer2021,
  title   = {Modelling {{Lipid-Coated Microbubbles}} in {{Focused Ultrasound Applications}} at {{Subresonance Frequencies}}},
  author  = {G{\"u}mmer, Jonas and Schenke, S{\"o}ren and Denner, Fabian},
  year    = {2021},
  month   = oct,
  journal = {Ultrasound in Medicine \& Biology},
  volume  = {47},
  number  = {10},
  pages   = {2958--2979},
  issn    = {03015629},
  doi     = {10.1016/j.ultrasmedbio.2021.06.012}
}

@techreport{Hickling1963,
  title       = {The Collapse of a Spherical Cavity in a Compressible Liquid},
  author      = {Hickling, Robert and Plesset, Milton S.},
  year        = {1963},
  number      = {85-24},
  address     = {Pasadena, California, USA},
  institution = {California Institute of Technology}
}

@article{Holzfuss2010,
  title   = {Acoustic Energy Radiated by Nonlinear Spherical Oscillations of Strongly Driven Bubbles},
  author  = {Holzfuss, Joachim},
  year    = {2010},
  month   = jun,
  journal = {Proceedings of the Royal Society A: Mathematical, Physical and Engineering Sciences},
  volume  = {466},
  number  = {2118},
  pages   = {1829--1847},
  issn    = {1364-5021, 1471-2946},
  doi     = {10.1098/rspa.2009.0594}
}

@article{Hua2013,
  title   = {Nonlinear Oscillations Following the {{Rayleigh}} Collapse of a Gas Bubble in a Linear Viscoelastic (Tissue-like) Medium},
  author  = {Hua, Chengyun and Johnsen, Eric},
  year    = {2013},
  month   = aug,
  journal = {Physics of Fluids},
  volume  = {25},
  number  = {8},
  pages   = {083101},
  issn    = {1070-6631, 1089-7666},
  doi     = {10.1063/1.4817673}
}

@article{Jimenez-Fernandez2005,
  title   = {Bubble Oscillation and Inertial Cavitation in Viscoelastic Fluids},
  author  = {{Jim{\'e}nez-Fern{\'a}ndez}, J. and Crespo, A.},
  year    = {2005},
  month   = aug,
  journal = {Ultrasonics},
  volume  = {43},
  number  = {8},
  pages   = {643--651},
  issn    = {0041624X},
  doi     = {10.1016/j.ultras.2005.03.010}
}

@article{Kaykanat2024,
  title   = {Shape Stability of a Microbubble in a Power--Law Liquid},
  author  = {Kaykanat, S. Ilke and Uguz, Kerem},
  year    = {2024},
  month   = sep,
  journal = {The European Physical Journal Special Topics},
  volume  = {233},
  number  = {8-9},
  pages   = {1625--1635},
  issn    = {1951-6355, 1951-6401},
  doi     = {10.1140/epjs/s11734-024-01174-7},
  urldate = {2025-07-01}
}

@article{Keller1980,
  title   = {Bubble Oscillations of Large Amplitude},
  author  = {Keller, Joseph B. and Miksis, Michael},
  year    = {1980},
  month   = aug,
  journal = {The Journal of the Acoustical Society of America},
  volume  = {68},
  number  = {2},
  pages   = {628--633},
  issn    = {0001-4966},
  doi     = {10.1121/1.384720}
}

@techreport{Kirkwood1942,
  title       = {The Pressure Wave Produced by an Underwater Explosion {{I}}},
  author      = {Kirkwood, John G. and Bethe, H. A.},
  year        = {1942},
  number      = {Report No. 588},
  institution = {{Office of Scientific Research and Development}}
}

@article{Kontogeorgis2019,
  title   = {Taking {{Another Look}} at the van Der {{Waals Equation}} of {{State}}--{{Almost}} 150 {{Years Later}}},
  author  = {Kontogeorgis, Georgios M. and Privat, Romain and Jaubert, Jean-No{\"e}l},
  year    = {2019},
  month   = nov,
  journal = {Journal of Chemical \& Engineering Data},
  volume  = {64},
  number  = {11},
  pages   = {4619--4637},
  issn    = {0021-9568, 1520-5134},
  doi     = {10.1021/acs.jced.9b00264}
}

@article{Lauterborn2010,
  title   = {Physics of Bubble Oscillations},
  author  = {Lauterborn, Werner and Kurz, Thomas},
  year    = {2010},
  month   = sep,
  journal = {Reports on Progress in Physics},
  volume  = {73},
  number  = {10},
  pages   = {106501},
  issn    = {0034-4885},
  doi     = {10.1088/0034-4885/73/10/106501}
}

@article{LeMetayer2016,
  title   = {The {{Noble-Abel Stiffened-Gas}} Equation of State},
  author  = {Le M{\'e}tayer, Olivier and Saurel, Richard},
  year    = {2016},
  month   = apr,
  journal = {Physics of Fluids},
  volume  = {28},
  number  = {4},
  pages   = {046102},
  issn    = {1070-6631, 1089-7666},
  doi     = {10.1063/1.4945981}
}

@article{Marmottant2005,
  title   = {A Model for Large Amplitude Oscillations of Coated Bubbles Accounting for Buckling and Rupture},
  author  = {Marmottant, Philippe and {van der Meer}, Sander and Emmer, Marcia and Versluis, Michel and {de Jong}, Nico and Hilgenfeldt, Sascha and Lohse, Detlef},
  year    = {2005},
  month   = dec,
  journal = {The Journal of the Acoustical Society of America},
  volume  = {118},
  number  = {6},
  pages   = {3499--3505},
  issn    = {0001-4966},
  doi     = {10.1121/1.2109427}
}

@article{Neppiras1980,
  title   = {Acoustic Cavitation},
  author  = {Neppiras, E. A.},
  year    = {1980},
  month   = may,
  journal = {Physics Reports},
  volume  = {61},
  number  = {3},
  pages   = {159--251},
  issn    = {0370-1573},
  doi     = {10.1016/0370-1573(80)90115-5}
}

@article{Overvelde2010,
  title   = {Nonlinear {{Shell Behavior}} of {{Phospholipid-Coated Microbubbles}}},
  author  = {Overvelde, Marlies and Garbin, Valeria and Sijl, Jeroen and Dollet, Benjamin and {de Jong}, Nico and Lohse, Detlef and Versluis, Michel},
  year    = {2010},
  month   = dec,
  journal = {Ultrasound in Medicine \& Biology},
  volume  = {36},
  number  = {12},
  pages   = {2080--2092},
  issn    = {0301-5629},
  doi     = {10.1016/j.ultrasmedbio.2010.08.015}
}

@article{Prosperetti1986,
  title   = {Bubble Dynamics in a Compressible Liquid. {{Part}} 1. {{First-order}} Theory},
  author  = {Prosperetti, A. and Lezzi, A.},
  year    = {1986},
  month   = jul,
  journal = {Journal of Fluid Mechanics},
  volume  = {168},
  pages   = {457--478},
  issn    = {1469-7645, 0022-1120},
  doi     = {10.1017/S0022112086000460}
}

@article{Trilling1952,
  title   = {The {{Collapse}} and {{Rebound}} of a {{Gas Bubble}}},
  author  = {Trilling, Leon},
  year    = {1952},
  month   = jan,
  journal = {Journal of Applied Physics},
  volume  = {23},
  number  = {1},
  pages   = {14--17},
  issn    = {0021-8979, 1089-7550},
  doi     = {10.1063/1.1701962}
}

@article{Versluis2020,
  title      = {Ultrasound {{Contrast Agent Modeling}}: {{A Review}}},
  shorttitle = {Ultrasound {{Contrast Agent Modeling}}},
  author     = {Versluis, Michel and Stride, Eleanor and Lajoinie, Guillaume and Dollet, Benjamin and Segers, Tim},
  year       = {2020},
  month      = sep,
  journal    = {Ultrasound in Medicine \& Biology},
  volume     = {46},
  number     = {9},
  pages      = {2117--2144},
  issn       = {03015629},
  doi        = {10.1016/j.ultrasmedbio.2020.04.014}
}